@MANUAL {deweger,
    author = "Benne de Weger",
    title  = "Cryptanalysis of RSA with Small Prime Difference {[online]}",
    year   = "2002",
    url    = "https://pdfs.semanticscholar.org/c10a/86303ed615941bc1062e3512bdb3f59a5070.pdf",
    note = "[cit. 2016-04-11]"
}

@MANUAL {ansix931,
    title        = "ANSI X9.31-1998: Digital Signatures using Reversible Public Key Cryptography for the Financial Services Industry (rDSA)",
    organization = "American National Standards Institute",
    year         = "1998"
}
@ONLINE {dv-ov-ev-certs,
    author = "Chris Kemmerer",
    title  = "DV OV and EV Certificates {[online]}",
    month  = "jul",
    year   = "2015",
    url    = "https://www.ssl.com/article/dv-ov-and-ev-certificates/"
    note = "[cit. 2016-04-11]"
}

@ONLINE {fips186-3,
    author = "FEDERAL INFORMATION PROCESSING STANDARDS",
    title  = "FIPS PUB 186-3: Digital Signature Standard (DSS) {[online]}",
    month  = "jun",
    year   = "2009",
    url    = "http://csrc.nist.gov/publications/fips/fips186-3/fips_186-3.pdf"
    note = "[cit. 2016-04-11]"
}

@MANUAL{rsa-768,
    author = {Thorsten Kleinjung},
    title = "Factorization of a 768-bit RSA modulus {[online]}",
    howpublished = {Cryptology ePrint Archive, Report 2010/006},
    year = {2010},
    url = "http://eprint.iacr.org/2010/006",
    note = {[cit. 2016-04-11]},
}

@STANDARD {fips-keysizes,
    institution = "FEDERAL INFORMATION PROCESSING STANDARDS",
    title  = "Recommendation for Key Management: Part 3 - Application-Specific Key Management Guidance {[online]}",
    month  = "apr",
    year   = "2014",
    url    = "http://nvlpubs.nist.gov/nistpubs/SpecialPublications/NIST.SP.800-57Pt3r1.pdf"
    note = {[cit. 2016-04-11]},
}
@ONLINE {wiener,
    author = "Michael J. Wiener",
    title  = "Cryptanalysis of Short RSA Secret Exponents {[online]}",
    month  = "aug",
    year   = "1989",
    url    = "https://www.cits.ruhr-uni-bochum.de/imperia/md/content/may/krypto2ss08/shortsecretexponents.pdf",
    note = {[cit. 2016-04-12]}
}

@ARTICLE {wiener-def,
    author  = "Dan Boneh",
    title   = "Twenty years of attacks on the RSA cryptosystem {[online]}",
    journal = "Notices of the American Mathematical Society (AMS)",
    url = "https://crypto.stanford.edu/~dabo/papers/RSA-survey.pdf"
    year    = "1999",
    volume  = "46"
}
@ONLINE {fermat-revisited,
    author = "Robert Erra, Christophe Grenier",
    title  = "The Fermat factorization method revisited {[online]}",
    month  = "jun",
    year   = "2009",
    url    = "http://eprint.iacr.org/2009/318.pdf",
    note = {[cit. 2016-04-13]}
}
@ONLINE {cert-sign-algo-stats,
    author = "Hubert Kario",
    title  = "July 2015 scan results {[online]}",
    month  = "jul",
    year   = "2015",
    url    = "https://securitypitfalls.wordpress.com/2015/07/29/july-2015-scan-results/",
    note = {[cit. 2016-04-14]}
}
@BOOK {velebil-skripta,
    title    = "Diskrétní matematika: Text k přednášce {[online]}",
    author     = "Jiří Velebil",
    publisher = "Katedra Matematiky FEL ČVUT",
    year      = "2007",
    url    = "ftp://math.feld.cvut.cz/pub/velebil/y01dma/dma-notes.pdf",
    note = {[cit. 2016-04-15]}
}
@ONLINE {cznic-stats,
    author = "CZ.NIC, z. s. p. o.",
    title  = "Počet .cz domén - Statistiky CZ. {[online]}",
    month  = "apr",
    year   = "2016",
    url    = "https://stats.nic.cz/stats/number_of_domains/",
    note = {[cit. 2016-04-16]}
}
@ONLINE {verisign-zonefile,
    author = "{VeriSign, Inc.}",
    title  = "Zone Files For Top-Level Domains (TLDs) - Verisign. {[online]}",
    month  = "apr",
    year   = "2016",
    url    = "https://www.verisign.com/en_US/channel-resources/domain-registry-products/zone-file/index.xhtml",
    note = {[cit. 2016-04-24]}
}
@misc{faas,
    author = {Luke Valenta and Shaanan Cohney and Alex Liao and Joshua Fried and Satya Bodduluri and Nadia Heninger},
    title = "Factoring as a Service {[online]}",
    howpublished = {Cryptology ePrint Archive, Report 2015/1000},
    year = {2015},
    url = "http://eprint.iacr.org/2015/1000.pdf",
    note = {[cit. 2016-04-24]}
}
@ONLINE {pollard,
    author = "Anne-Sophie Charest",
    title  = "Pollard’s p-1 and Lenstra’s factoring algorithms {[online]}",
    month  = "oct",
    year   = "2005",
    url    = "http://www.math.mcgill.ca/darmon/courses/05-06/usra/charest.pdf",
    note = {[cit. 2016-04-24]}
}
@PROCEEDINGS {oaep,
    title  = "Optimal Asymmetric Encryption - How to encrypt with RSA",
    year   = "1995",
    editor = "Mihir Bellare, Phillip Rogaway",
    volume = "950",
    series = "Lecture Notes in Computer Science"
}
@article{rsa,
  author    = {Ronald Rivest and
               Adi Shamir and
               Leonard Adleman},
  title     = {A Method for Obtaining Digital Signatures and Public-Key Cryptosystems},
  journal   = {Commun. {ACM}},
  volume    = {21},
  number    = {2},
  pages     = {120--126},
  year      = {1978}
}
@MASTERSTHESIS {bakalarka-optimalizace,
    author = "Peter Kováč",
    title  = "Faktorizace velkých čísel pomocí knihovny GMP",
    school = "České vysoké učení technické v Praze, Fakulta elektrotechnická",
    year   = "2007"
}
@misc{rfc7568,
  author="R. Barnes and M. Thomson and A. Pironti and A. Langley",
  title="{Deprecating Secure Sockets Layer Version 3.0} {[online]}",
  series="Request for Comments",
  number="7568",
  howpublished="RFC 7568 (Proposed Standard)",
  publisher="IETF",
  organization="Internet Engineering Task Force",
  year=2015,
  month=jun,
    url="http://www.ietf.org/rfc/rfc7568.txt",
    note = {[cit. 2016-04-30]}
}
@Book{iso8601,
  author =       "{ISO}",
  title =        "{ISO 8601:1988. Data elements and interchange formats
                 --- Information interchange --- Representation of dates
                 and times} {[online]}",
  publisher =    pub-ISO,
  address =      pub-ISO:adr,
  pages =        "14",
  year =         "1988",
  URL =          "http://www.iso.ch/cate/d26780.html",
    note = {[cit. 2016-05-01]}
}
@ONLINE {nist-800-78-4,
    author = "{National Institute of Standards and Technology}",
    title  = "Cryptographic Algorithms and Key  Sizes for Personal Identity  Verification {[online]}",
    month  = "may",
    year   = "2015",
    url    = "http://nvlpubs.nist.gov/nistpubs/SpecialPublications/NIST.SP.800-78-4.pdf",
    note = {[cit. 2016-05-01]}
}

@misc{rfc4366,
  author="S. Blake-Wilson and M. Nystrom and D. Hopwood and J. Mikkelsen and T. Wright",
  title="{Transport Layer Security (TLS) Extensions} {[online]}",
  series="Request for Comments",
  number="4366",
  howpublished="RFC 4366 (Proposed Standard)",
  publisher="IETF",
  organization="Internet Engineering Task Force",
  year=2006,
  month=apr,
    note="Obsoleted by RFCs 5246, 6066, updated by RFC 5746",
  url="http://www.ietf.org/rfc/rfc4366.txt",
    note = {[cit. 2016-05-01]}
}
@ONLINE {ssl-shopper,
    author = "{SSL Shopper}",
    title  = "SSL Checker {[online]}",
    year   = "2016",
    url    = "https://www.sslshopper.com/ssl-checker.html",
    note = {[cit. 2016-05-01]}
}
@ONLINE {qualsys,
    author = "{Qualys, Inc.}",
    title  = "SSL Server Test {[online]}",
    year   = "2016",
    url    = "https://www.ssllabs.com/ssltest/",
    note = {[cit. 2016-05-01]}
}
@ONLINE {sk-nic,
    author = "{SK-NIC, a.s.}",
    title  = "Seznam všech aktivních domén zóny .SK {[online]}",
    year   = "2016",
    url    = "https://sk-nic.sk/documents/domeny.txt",
    note = {[cit. 2016-05-01]}
}
@misc{sqlitebrowser,
  author = {Mauricio Piacentini},
  title = {DB Browser for SQLite} {[online]},
  year = {2016},
  publisher = {GitHub},
  journal = {GitHub repository},
  howpublished = {\url{https://github.com/sqlitebrowser/sqlitebrowser}},
  commit = {6484206b60c5f57ea8259031af67b3c0f28944e5},
    note = {[cit. 2016-05-09]}
}
@ONLINE {bugzilla,
    author = "Martin Černáč",
    title  = "1268235 -- SEC\_ERROR\_BAD\_SIGNATURE when a RSA certificate has a very large public exponent {[online]}",
    month  = "apr",
    year   = "2016",
    url    = "https://bugzilla.mozilla.org/show_bug.cgi?id=1268235",
    note = {[cit. 2016-05-01]}
}