@ONLINE {facebook-wifi,
    author = "{Facebook}",
    title  = "Get Facebook Wi-Fi for Your Business {[online]}",
    year   = "2013",
    url    = "https://www.facebook.com/business/facebook-wifi",
    note = {[cit. 2018-02-20]}
}

@ONLINE {gogo-fakecerts,
    author = "Adrienne Porter Felt",
    title  = "Twitter {[online]}",
    year   = "2015",
    month  = "1",
    url    = "{https://twitter.com/\_\_apf\_\_/status/551083956326920192}",
    note = {[cit. 2018-02-23]}
}

@ONLINE {nintendo-sales,
    author = "{Nintendo Co., Ltd.}",
    title  = "Consolidated Sales Transition by Region {[online]}",
    year   = "2016",
    month  = "4",
    url    = "https://www.nintendo.co.jp/ir/library/historical\_data/pdf/consolidated\_sales\_e1603.pdf",
    note = {[cit. 2018-02-23]}
}

@ONLINE {wispr-specs,
    author = "{Wireless Broadband Alliance}",
    title  = "WISPr 2.0 {[online]}",
    year   = "2010",
    month  = "4",
    url    = "https://bitbucket.org/tamias/pywispr/downloads/WBA-WISPr 2.0 v01.00.pdf",
    note = {[cit. 2018-02-23]}
}

@ONLINE {google-mandatory-cert-transp,
    author = "{Google Chromium}",
    title  = "Certificate Transparency in Chrome - Change to Enforcement Date  {[online]}",
    year   = "2017",
    month  = "4",
    url    = "https://groups.google.com/a/chromium.org/forum/\#!msg/ct-policy/sz\_3W\_xKBNY/6jq2ghJXBAAJ",
    note = {[cit. 2018-02-23]}
}

@mastersthesis {bakalarka-srovnani-captive-fwall-nac,
	title={Porovnání systémů pro pokročilou správu připojení k síti},
	author={Lauer, Ondřej},
	year={2017},
	type = "{Bakalářská práce}",
	school = "České vysoké učení technické v Praze"
}
